@article{Ung_A_Language_Of_Polynomials_2024,
author = {Ung, Eric},
title = {{A Language Of Polynomials}},
url = {https://github.com/ericung/ALanguageOfPolynomials},
year = {2024}
}
